@Book{grolemund2014hands,
  title={Hands-on programming with R: Write your own functions and simulations},
  author={Grolemund, Garrett},
  year={2014},
  publisher={" O'Reilly Media, Inc."},
  url = {https://rstudio-education.github.io/hopr/},
}

@Book{xie2015,
  title = {Dynamic Documents with {R} and knitr},
  author = {Yihui Xie},
  publisher = {Chapman and Hall/CRC},
  address = {Boca Raton, Florida},
  year = {2015},
  edition = {2nd},
  note = {ISBN 978-1498716963},
  url = {https://rstudio-education.github.io/hopr/},
}

@techreport{arthur2006k,
  title={k-means++: The advantages of careful seeding},
  author={Arthur, David and Vassilvitskii, Sergei},
  year={2006}
}

@article{neukom2019consistent,
  title={Consistent multi-decadal variability in global temperature reconstructions and simulations over the Common Era},
  author={Neukom, Raphael and Barboza, Luis A and Erb, Michael P and Shi, Feng and Emile-Geay, Julien and Evans, Michael N and Franke, J{\"o}rg and Kaufman, Darrell S and L{\"u}cke, Lucie and Rehfeld, Kira and others},
  journal={Nature geoscience},
  volume={12},
  number={8},
  pages={643},
  year={2019},
  publisher={Europe PMC Funders}
}

@article{breiman1984classification,
  title={Classification and Regression Trees},
  author={Breiman, L and Friedman, JH and Olshen, R and Stone, CJ},
  year={1984},
  publisher={Wadsworth}
}

@article{mingers1989empirical,
  title={An empirical comparison of selection measures for decision-tree induction},
  author={Mingers, John},
  journal={Machine learning},
  volume={3},
  pages={319--342},
  year={1989},
  publisher={Springer}
}

@article{breiman2001random,
  title={Random forests},
  author={Breiman, Leo},
  journal={Machine learning},
  volume={45},
  pages={5--32},
  year={2001},
  publisher={Springer}
}

